<?xml version="1.0" encoding="UTF-8"?><collection xmlns="http://www.loc.gov/MARC21/slim"><record><leader>00362nam--2200133-i-4500</leader><controlfield tag="001">000023109</controlfield><controlfield tag="002">20161230</controlfield><controlfield tag="005">20161230201034</controlfield><controlfield tag="008">060222s1000------------r-----000-0-eng-d</controlfield><datafield ind1=" " ind2=" " tag="100"><subfield code="a">Hall-taylor, N.S. And Hewitt, G.F</subfield></datafield><datafield ind1=" " ind2=" " tag="245"><subfield code="a">Annular two-phase flow</subfield></datafield><datafield ind1=" " ind2=" " tag="260"><subfield code="a">Oxford, Pergamon Press, 1970. Ix + 310 P</subfield></datafield><datafield ind1=" " ind2=" " tag="490"><subfield code="a">Chemical Engineering Science</subfield></datafield><datafield ind1=" " ind2=" " tag="852"><subfield code="a">35968</subfield></datafield></record></collection>